%% This BibTeX bibliography file was created using BibDesk.
%% https://bibdesk.sourceforge.io/

%% Created for 郭思源 at 2019-05-22 08:28:17 +0800 


%% Saved with string encoding Unicode (UTF-8) 



@article{Saelens:2019aa,
	Abstract = {Trajectory inference approaches analyze genome-wide omics data from thousands of single cells and computationally infer the order of these cells along developmental trajectories. Although more than 70 trajectory inference tools have already been developed, it is challenging to compare their performance because the input they require and output models they produce vary substantially. Here, we benchmark 45 of these methods on 110 real and 229 synthetic datasets for cellular ordering, topology, scalability and usability. Our results highlight the complementarity of existing tools, and that the choice of method should depend mostly on the dataset dimensions and trajectory topology. Based on these results, we develop a set of guidelines to help users select the best method for their dataset. Our freely available data and evaluation pipeline (https://benchmark.dynverse.org) will aid in the development of improved tools designed to analyze increasingly large and complex single-cell datasets.},
	Author = {Saelens, Wouter and Cannoodt, Robrecht and Todorov, Helena and Saeys, Yvan},
	Da = {2019/05/01},
	Date-Added = {2019-05-22 08:26:16 +0800},
	Date-Modified = {2019-05-22 08:26:16 +0800},
	Doi = {10.1038/s41587-019-0071-9},
	Id = {Saelens2019},
	Isbn = {1546-1696},
	Journal = {Nature Biotechnology},
	Number = {5},
	Pages = {547--554},
	Title = {A comparison of single-cell trajectory inference methods},
	Ty = {JOUR},
	Url = {https://doi.org/10.1038/s41587-019-0071-9},
	Volume = {37},
	Year = {2019},
	Bdsk-Url-1 = {https://doi.org/10.1038/s41587-019-0071-9}}

@article{cite-key,
	Author = {Tanay, A. and Regev, A.},
	Da = {2017//},
	Date-Added = {2019-05-22 08:23:25 +0800},
	Date-Modified = {2019-05-22 08:23:25 +0800},
	Doi = {10.1038/nature21350},
	Id = {Tanay2017},
	Journal = {Nature},
	Title = {Scaling single-cell genomics from phenomenology to mechanism},
	Ty = {JOUR},
	Url = {https://doi.org/10.1038/nature21350},
	Volume = {541},
	Year = {2017},
	Bdsk-Url-1 = {https://doi.org/10.1038/nature21350}}

@article{cite-key,
	Author = {Etzrodt, M. and Endele, M. and Schroeder, T.},
	Da = {2014//},
	Date-Added = {2019-05-22 08:23:25 +0800},
	Date-Modified = {2019-05-22 08:23:25 +0800},
	Doi = {10.1016/j.stem.2014.10.015},
	Id = {Etzrodt2014},
	Journal = {Cell Stem Cell},
	Title = {Quantitative single-cell approaches to stem cell research},
	Ty = {JOUR},
	Url = {https://doi.org/10.1016/j.stem.2014.10.015},
	Volume = {15},
	Year = {2014},
	Bdsk-Url-1 = {https://doi.org/10.1016/j.stem.2014.10.015}}

@article{cite-key,
	Author = {Trapnell, C. },
	Da = {2015//},
	Date-Added = {2019-05-22 08:23:25 +0800},
	Date-Modified = {2019-05-22 08:23:25 +0800},
	Doi = {10.1101/gr.190595.115},
	Id = {Trapnell2015},
	Journal = {Genome Res.},
	Title = {Defining cell types and states with single-cell genomics},
	Ty = {JOUR},
	Url = {https://doi.org/10.1101/gr.190595.115},
	Volume = {25},
	Year = {2015},
	Bdsk-Url-1 = {https://doi.org/10.1101/gr.190595.115}}

@article{cite-key,
	Author = {Cannoodt, R. and Saelens, W. and Saeys, Y.},
	Da = {2016//},
	Date-Added = {2019-05-22 08:23:25 +0800},
	Date-Modified = {2019-05-22 08:23:25 +0800},
	Doi = {10.1002/eji.201646347},
	Id = {Cannoodt2016},
	Journal = {Eur. J. Immunol.},
	Title = {Computational methods for trajectory inference from single-cell transcriptomics},
	Ty = {JOUR},
	Url = {https://doi.org/10.1002/eji.201646347},
	Volume = {46},
	Year = {2016},
	Bdsk-Url-1 = {https://doi.org/10.1002/eji.201646347}}

@article{cite-key,
	Author = {Moon, K.  R. },
	Da = {2018//},
	Date-Added = {2019-05-22 08:23:25 +0800},
	Date-Modified = {2019-05-22 08:23:25 +0800},
	Doi = {10.1016/j.coisb.2017.12.008},
	Id = {Moon2018},
	Journal = {Curr. Opin. Syst. Biol.},
	Title = {Manifold learning-based methods for analyzing single-cell RNA-sequencing data.},
	Ty = {JOUR},
	Url = {https://doi.org/10.1016/j.coisb.2017.12.008},
	Volume = {7},
	Year = {2018},
	Bdsk-Url-1 = {https://doi.org/10.1016/j.coisb.2017.12.008}}

@article{cite-key,
	Author = {Liu, Z. },
	Da = {2017//},
	Date-Added = {2019-05-22 08:23:25 +0800},
	Date-Modified = {2019-05-22 08:23:25 +0800},
	Doi = {10.1038/s41467-017-00039-z},
	Id = {Liu2017},
	Journal = {Nat. Commun.},
	Title = {Reconstructing cell cycle pseudo time-series via single-cell transcriptome data},
	Ty = {JOUR},
	Url = {https://doi.org/10.1038/s41467-017-00039-z},
	Volume = {8},
	Year = {2017},
	Bdsk-Url-1 = {https://doi.org/10.1038/s41467-017-00039-z}}

@article{cite-key,
	Author = {Wolf, F.  A. },
	Da = {2019//},
	Date-Added = {2019-05-22 08:23:25 +0800},
	Date-Modified = {2019-05-22 08:23:25 +0800},
	Doi = {10.1186/s13059-019-1663-x},
	Id = {Wolf2019},
	Journal = {Genome Biol.},
	Title = {PAGA: graph abstraction reconciles clustering with trajectory inference through a topology preserving map of single cells},
	Ty = {JOUR},
	Url = {https://doi.org/10.1186/s13059-019-1663-x},
	Volume = {20},
	Year = {2019},
	Bdsk-Url-1 = {https://doi.org/10.1186/s13059-019-1663-x}}

@article{cite-key,
	Author = {Schlitzer, A. },
	Da = {2015//},
	Date-Added = {2019-05-22 08:23:25 +0800},
	Date-Modified = {2019-05-22 08:23:25 +0800},
	Doi = {10.1038/ni.3200},
	Id = {Schlitzer2015},
	Journal = {Nat. Immunol.},
	Title = {Identification of cDC1- and cDC2-committed DC progenitors reveals early lineage priming at the common DC progenitor stage in the bone marrow},
	Ty = {JOUR},
	Url = {https://doi.org/10.1038/ni.3200},
	Volume = {16},
	Year = {2015},
	Bdsk-Url-1 = {https://doi.org/10.1038/ni.3200}}

@article{cite-key,
	Author = {Velten, L. },
	Da = {2017//},
	Date-Added = {2019-05-22 08:23:25 +0800},
	Date-Modified = {2019-05-22 08:23:25 +0800},
	Doi = {10.1038/ncb3493},
	Id = {Velten2017},
	Journal = {Nat. Cell Biol.},
	Title = {Human haematopoietic stem cell lineage commitment is a continuous process},
	Ty = {JOUR},
	Url = {https://doi.org/10.1038/ncb3493},
	Volume = {19},
	Year = {2017},
	Bdsk-Url-1 = {https://doi.org/10.1038/ncb3493}}

@article{cite-key,
	Author = {See, P. },
	Da = {2017//},
	Date-Added = {2019-05-22 08:23:25 +0800},
	Date-Modified = {2019-05-22 08:23:25 +0800},
	Doi = {10.1126/science.aag3009},
	Id = {See2017},
	Journal = {Science},
	Title = {Mapping the human DC lineage through the integration of high-dimensional techniques},
	Ty = {JOUR},
	Url = {https://doi.org/10.1126/science.aag3009},
	Volume = {356},
	Year = {2017},
	Bdsk-Url-1 = {https://doi.org/10.1126/science.aag3009}}

@article{cite-key,
	Author = {Aibar, S. },
	Da = {2017//},
	Date-Added = {2019-05-22 08:23:25 +0800},
	Date-Modified = {2019-05-22 08:23:25 +0800},
	Doi = {10.1038/nmeth.4463},
	Id = {Aibar2017},
	Journal = {Nat. Methods},
	Title = {SCENIC: Single-cell regulatory network inference and clustering},
	Ty = {JOUR},
	Url = {https://doi.org/10.1038/nmeth.4463},
	Volume = {14},
	Year = {2017},
	Bdsk-Url-1 = {https://doi.org/10.1038/nmeth.4463}}

@article{cite-key,
	Author = {Regev, A. },
	Da = {2017//},
	Date-Added = {2019-05-22 08:23:25 +0800},
	Date-Modified = {2019-05-22 08:23:25 +0800},
	Doi = {10.7554/eLife.27041},
	Id = {Regev2017},
	Journal = {eLife},
	Title = {Science forum: the human cell atlas},
	Ty = {JOUR},
	Url = {https://doi.org/10.7554/eLife.27041},
	Volume = {6},
	Year = {2017},
	Bdsk-Url-1 = {https://doi.org/10.7554/eLife.27041}}

@article{cite-key,
	Author = {Han, X. },
	Da = {2018//},
	Date-Added = {2019-05-22 08:23:25 +0800},
	Date-Modified = {2019-05-22 08:23:25 +0800},
	Doi = {10.1016/j.cell.2018.02.001},
	Id = {Han2018},
	Journal = {Cell},
	Title = {Mapping the mouse cell atlas by microwell-seq},
	Ty = {JOUR},
	Url = {https://doi.org/10.1016/j.cell.2018.02.001},
	Volume = {172},
	Year = {2018},
	Bdsk-Url-1 = {https://doi.org/10.1016/j.cell.2018.02.001}}

@article{cite-key,
	Author = {Schaum, N. },
	Da = {2018//},
	Date-Added = {2019-05-22 08:23:25 +0800},
	Date-Modified = {2019-05-22 08:23:25 +0800},
	Doi = {10.1038/s41586-018-0590-4},
	Id = {Schaum2018},
	Journal = {Nature},
	Title = {Single-cell transcriptomics of 20 mouse organs creates a Tabula Muris},
	Ty = {JOUR},
	Url = {https://doi.org/10.1038/s41586-018-0590-4},
	Volume = {562},
	Year = {2018},
	Bdsk-Url-1 = {https://doi.org/10.1038/s41586-018-0590-4}}

@article{cite-key,
	Author = {Angerer, P. },
	Da = {2017//},
	Date-Added = {2019-05-22 08:23:25 +0800},
	Date-Modified = {2019-05-22 08:23:25 +0800},
	Doi = {10.1016/j.coisb.2017.07.004},
	Id = {Angerer2017},
	Journal = {Curr. Opin. Syst. Biol.},
	Title = {Single cells make big data: new challenges and opportunities in transcriptomics},
	Ty = {JOUR},
	Url = {https://doi.org/10.1016/j.coisb.2017.07.004},
	Volume = {4},
	Year = {2017},
	Bdsk-Url-1 = {https://doi.org/10.1016/j.coisb.2017.07.004}}

@article{cite-key,
	Date-Added = {2019-05-22 08:23:25 +0800},
	Date-Modified = {2019-05-22 08:23:25 +0800},
	Id = {ref16},
	Title = {Henry, V. J., Bandrowski, A. E., Pepin, A.-S., Gonzalez, B. J. \& Desfeux, A. OMICtools: an informative directory for multi-omic data analysis. Database (Oxford)2014, bau069 (2014).},
	Ty = {STD}}

@article{cite-key,
	Date-Added = {2019-05-22 08:23:25 +0800},
	Date-Modified = {2019-05-22 08:23:25 +0800},
	Id = {ref17},
	Title = {Davis, S. et al. List of software packages for single-cell data analysis. https://github.com/seandavi/awesome-single-cell (2018); https://doi.org/10.5281/zenodo.1294021},
	Ty = {STD},
	Url = {https://github.com/seandavi/awesome-single-cell},
	Bdsk-Url-1 = {https://github.com/seandavi/awesome-single-cell}}

@article{cite-key,
	Date-Added = {2019-05-22 08:23:25 +0800},
	Date-Modified = {2019-05-22 08:23:25 +0800},
	Id = {ref18},
	Title = {Zappia, L., Phipson, B. \& Oshlack, A. Exploring the single-cell RNA-seq analysis landscape with the scRNA-tools database. PLoS Comput. Biol.14, e1006245 (2018)},
	Ty = {STD}}

@article{cite-key,
	Author = {Bendall, S.  C. },
	Da = {2014//},
	Date-Added = {2019-05-22 08:23:25 +0800},
	Date-Modified = {2019-05-22 08:23:25 +0800},
	Doi = {10.1016/j.cell.2014.04.005},
	Id = {Bendall2014},
	Journal = {Cell},
	Title = {Single-cell trajectory detection uncovers progression and regulatory coordination in human B cell development},
	Ty = {JOUR},
	Url = {https://doi.org/10.1016/j.cell.2014.04.005},
	Volume = {157},
	Year = {2014},
	Bdsk-Url-1 = {https://doi.org/10.1016/j.cell.2014.04.005}}

@article{cite-key,
	Author = {Shin, J. },
	Da = {2015//},
	Date-Added = {2019-05-22 08:23:25 +0800},
	Date-Modified = {2019-05-22 08:23:25 +0800},
	Doi = {10.1016/j.stem.2015.07.013},
	Id = {Shin2015},
	Journal = {Cell Stem Cell},
	Title = {Single-cell RNA-seq with waterfall reveals molecular cascades underlying adult neurogenesis},
	Ty = {JOUR},
	Url = {https://doi.org/10.1016/j.stem.2015.07.013},
	Volume = {17},
	Year = {2015},
	Bdsk-Url-1 = {https://doi.org/10.1016/j.stem.2015.07.013}}

@article{cite-key,
	Date-Added = {2019-05-22 08:23:25 +0800},
	Date-Modified = {2019-05-22 08:23:25 +0800},
	Id = {ref21},
	Title = {Campbell, K. \& Yau, C. Bayesian Gaussian Process Latent Variable Models for pseudotime inference in single-cell RNA-seq data. Preprint at bioRxivhttps://doi.org/10.1101/026872 (2015).},
	Ty = {STD},
	Bdsk-File-1 = {YnBsaXN0MDDSAQIDBFxyZWxhdGl2ZVBhdGhZYWxpYXNEYXRhXxAzLi4vLi4vLi4vLi4vRG93bmxvYWRzLzEwLjEwMzhfczQxNTg3LTAxOS0wMDcxLTkucmlzTxEBjAAAAAABjAACAAAMTWFjaW50b3NoIEhEAAAAAAAAAAAAAAAAAAAAAAAAAEJEAAH/////HTEwLjEwMzhfczQxNTg3LTAxOS0wMDcxLTkucmlzAAAAAAAAAAAAAAAAAAAAAAAAAAAAAAAAAAAAAAAAAAAAAP////8AAAAAAAAAAAAAAAAABAACAAAKIGN1AAAAAAAAAAAAAAAAAAlEb3dubG9hZHMAAAIAOS86VXNlcnM6Z3Vvc2l5dWFuOkRvd25sb2FkczoxMC4xMDM4X3M0MTU4Ny0wMTktMDA3MS05LnJpcwAADgA8AB0AMQAwAC4AMQAwADMAOABfAHMANAAxADUAOAA3AC0AMAAxADkALQAwADAANwAxAC0AOQAuAHIAaQBzAA8AGgAMAE0AYQBjAGkAbgB0AG8AcwBoACAASABEABIAN1VzZXJzL2d1b3NpeXVhbi9Eb3dubG9hZHMvMTAuMTAzOF9zNDE1ODctMDE5LTAwNzEtOS5yaXMAABMAAS8AABUAAgAQ//8AAAAIAA0AGgAkAFoAAAAAAAACAQAAAAAAAAAFAAAAAAAAAAAAAAAAAAAB6g==}}

@article{cite-key,
	Author = {Haghverdi, L. and B{\"u}ttner, M. and Wolf, F. A. and Buettner, F. and Theis, F. J.},
	Da = {2016//},
	Date-Added = {2019-05-22 08:23:25 +0800},
	Date-Modified = {2019-05-22 08:23:25 +0800},
	Doi = {10.1038/nmeth.3971},
	Id = {Haghverdi2016},
	Journal = {Nat. Methods},
	Title = {Diffusion pseudotime robustly reconstructs lineage branching},
	Ty = {JOUR},
	Url = {https://doi.org/10.1038/nmeth.3971},
	Volume = {13},
	Year = {2016},
	Bdsk-Url-1 = {https://doi.org/10.1038/nmeth.3971}}

@article{cite-key,
	Author = {Setty, M. },
	Da = {2016//},
	Date-Added = {2019-05-22 08:23:25 +0800},
	Date-Modified = {2019-05-22 08:23:25 +0800},
	Doi = {10.1038/nbt.3569},
	Id = {Setty2016},
	Journal = {Nat. Biotechnol.},
	Title = {Wishbone identifies bifurcating developmental trajectories from single-cell data},
	Ty = {JOUR},
	Url = {https://doi.org/10.1038/nbt.3569},
	Volume = {34},
	Year = {2016},
	Bdsk-Url-1 = {https://doi.org/10.1038/nbt.3569}}

@article{cite-key,
	Author = {Trapnell, C. },
	Da = {2014//},
	Date-Added = {2019-05-22 08:23:25 +0800},
	Date-Modified = {2019-05-22 08:23:25 +0800},
	Doi = {10.1038/nbt.2859},
	Id = {Trapnell2014},
	Journal = {Nat. Biotechnol.},
	Title = {The dynamics and regulators of cell fate decisions are revealed by pseudotemporal ordering of single cells},
	Ty = {JOUR},
	Url = {https://doi.org/10.1038/nbt.2859},
	Volume = {32},
	Year = {2014},
	Bdsk-Url-1 = {https://doi.org/10.1038/nbt.2859}}

@article{cite-key,
	Author = {Matsumoto, H. and Kiryu, H.},
	Da = {2016//},
	Date-Added = {2019-05-22 08:23:25 +0800},
	Date-Modified = {2019-05-22 08:23:25 +0800},
	Doi = {10.1186/s12859-016-1109-3},
	Id = {Matsumoto2016},
	Journal = {BMC Bioinformatics},
	Title = {SCOUP: a probabilistic model based on the Ornstein--Uhlenbeck process to analyze single-cell expression data during differentiation},
	Ty = {JOUR},
	Url = {https://doi.org/10.1186/s12859-016-1109-3},
	Volume = {17},
	Year = {2016},
	Bdsk-Url-1 = {https://doi.org/10.1186/s12859-016-1109-3}}

@article{cite-key,
	Author = {Qiu, X. },
	Da = {2017//},
	Date-Added = {2019-05-22 08:23:25 +0800},
	Date-Modified = {2019-05-22 08:23:25 +0800},
	Doi = {10.1038/nmeth.4402},
	Id = {Qiu2017},
	Journal = {Nat. Methods},
	Title = {Reversed graph embedding resolves complex single-cell trajectories},
	Ty = {JOUR},
	Url = {https://doi.org/10.1038/nmeth.4402},
	Volume = {14},
	Year = {2017},
	Bdsk-Url-1 = {https://doi.org/10.1038/nmeth.4402}}

@article{cite-key,
	Author = {Street, K. },
	Da = {2018//},
	Date-Added = {2019-05-22 08:23:25 +0800},
	Date-Modified = {2019-05-22 08:23:25 +0800},
	Doi = {10.1186/s12864-018-4772-0},
	Id = {Street2018},
	Journal = {BMC Genomics},
	Title = {Slingshot: cell lineage and pseudotime inference for single-cell transcriptomics},
	Ty = {JOUR},
	Url = {https://doi.org/10.1186/s12864-018-4772-0},
	Volume = {19},
	Year = {2018},
	Bdsk-Url-1 = {https://doi.org/10.1186/s12864-018-4772-0}}

@article{cite-key,
	Author = {Ji, Z. and Ji, H.},
	Da = {2016//},
	Date-Added = {2019-05-22 08:23:25 +0800},
	Date-Modified = {2019-05-22 08:23:25 +0800},
	Doi = {10.1093/nar/gkw430},
	Id = {Ji2016},
	Journal = {Nucleic Acids Res.},
	Title = {TSCAN: pseudo-time reconstruction and evaluation in single-cell RNA-seq analysis},
	Ty = {JOUR},
	Url = {https://doi.org/10.1093/nar/gkw430},
	Volume = {44},
	Year = {2016},
	Bdsk-Url-1 = {https://doi.org/10.1093/nar/gkw430}}

@article{cite-key,
	Author = {Welch, J. D. and Hartemink, A. J. and Prins, J. F.},
	Da = {2016//},
	Date-Added = {2019-05-22 08:23:25 +0800},
	Date-Modified = {2019-05-22 08:23:25 +0800},
	Doi = {10.1186/s13059-016-0975-3},
	Id = {Welch2016},
	Journal = {Genome. Biol.},
	Title = {SLICER: inferring branched, nonlinear cellular trajectories from single cell RNA-seq data},
	Ty = {JOUR},
	Url = {https://doi.org/10.1186/s13059-016-0975-3},
	Volume = {17},
	Year = {2016},
	Bdsk-Url-1 = {https://doi.org/10.1186/s13059-016-0975-3}}

@article{cite-key,
	Author = {duVerle, D. A. and Yotsukura, S. and Nomura, S. and Aburatani, H. and Tsuda, K.},
	Da = {2016//},
	Date-Added = {2019-05-22 08:23:25 +0800},
	Date-Modified = {2019-05-22 08:23:25 +0800},
	Doi = {10.1186/s12859-016-1175-6},
	Id = {duVerle2016},
	Journal = {BMC Bioinformatics},
	Title = {CellTree: an R/bioconductor package to infer the hierarchical structure of cell populations from single-cell RNA-seq data},
	Ty = {JOUR},
	Url = {https://doi.org/10.1186/s12859-016-1175-6},
	Volume = {17},
	Year = {2016},
	Bdsk-Url-1 = {https://doi.org/10.1186/s12859-016-1175-6}}

@article{cite-key,
	Date-Added = {2019-05-22 08:23:25 +0800},
	Date-Modified = {2019-05-22 08:23:25 +0800},
	Id = {ref31},
	Title = {Cannoodt, R. et al. SCORPIUS improves trajectory inference and identifies novel modules in dendritic cell development. Preprint at bioRxivhttps://doi.org/10.1101/079509 (2016).},
	Ty = {STD}}

@article{cite-key,
	Author = {L{\"o}nnberg, T. },
	Da = {2017//},
	Date-Added = {2019-05-22 08:23:25 +0800},
	Date-Modified = {2019-05-22 08:23:25 +0800},
	Doi = {10.1126/sciimmunol.aal2192},
	Id = {L{\"o}nnberg2017},
	Journal = {Sci. Immunol.},
	Title = {Single-cell RNA-seq and computational analysis using temporal mixture modeling resolves TH1/TFH fate bifurcation in malaria},
	Ty = {JOUR},
	Url = {https://doi.org/10.1126/sciimmunol.aal2192},
	Volume = {2},
	Year = {2017},
	Bdsk-Url-1 = {https://doi.org/10.1126/sciimmunol.aal2192}}

@article{cite-key,
	Author = {Campbell, K. R. and Yau, C.},
	Da = {2017//},
	Date-Added = {2019-05-22 08:23:25 +0800},
	Date-Modified = {2019-05-22 08:23:25 +0800},
	Doi = {10.12688/wellcomeopenres.11087.1},
	Id = {Campbell2017},
	Journal = {Wellcome Open Res.},
	Title = {Probabilistic modeling of bifurcations in single-cell gene expression data using a Bayesian mixture of factor analyzers},
	Ty = {JOUR},
	Url = {https://doi.org/10.12688/wellcomeopenres.11087.1},
	Volume = {2},
	Year = {2017},
	Bdsk-Url-1 = {https://doi.org/10.12688/wellcomeopenres.11087.1}}

@article{cite-key,
	Date-Added = {2019-05-22 08:23:25 +0800},
	Date-Modified = {2019-05-22 08:23:25 +0800},
	Id = {ref34},
	Title = {Tian, L. et al. scRNA-seq mixology: Towards better benchmarking of single cell RNA-seq protocols and analysis methods. Preprint at bioRxivhttps://doi.org/10.1101/433102 (2018).},
	Ty = {STD}}

@article{cite-key,
	Author = {Schaffter, T. and Marbach, D. and Floreano, D.},
	Da = {2011//},
	Date-Added = {2019-05-22 08:23:25 +0800},
	Date-Modified = {2019-05-22 08:23:25 +0800},
	Doi = {10.1093/bioinformatics/btr373},
	Id = {Schaffter2011},
	Journal = {Bioinformatics},
	Title = {GeneNetWeaver: in silico benchmark generation and performance profiling of network inference methods},
	Ty = {JOUR},
	Url = {https://doi.org/10.1093/bioinformatics/btr373},
	Volume = {27},
	Year = {2011},
	Bdsk-Url-1 = {https://doi.org/10.1093/bioinformatics/btr373}}

@article{cite-key,
	Author = {Zappia, L. and Phipson, B. and Oshlack, A.},
	Da = {2017//},
	Date-Added = {2019-05-22 08:23:25 +0800},
	Date-Modified = {2019-05-22 08:23:25 +0800},
	Doi = {10.1186/s13059-017-1305-0},
	Id = {Zappia2017},
	Journal = {Genome. Biol.},
	Title = {Splatter: simulation of single-cell RNA sequencing data},
	Ty = {JOUR},
	Url = {https://doi.org/10.1186/s13059-017-1305-0},
	Volume = {18},
	Year = {2017},
	Bdsk-Url-1 = {https://doi.org/10.1186/s13059-017-1305-0}}

@article{cite-key,
	Author = {Svensson, V. and Vento-Tormo, R. and Teichmann, S. A.},
	Da = {2018//},
	Date-Added = {2019-05-22 08:23:25 +0800},
	Date-Modified = {2019-05-22 08:23:25 +0800},
	Doi = {10.1038/nprot.2017.149},
	Id = {Svensson2018},
	Journal = {Nat. Protoc.},
	Title = {Exponential scaling of single-cell RNA-seq in the past decade},
	Ty = {JOUR},
	Url = {https://doi.org/10.1038/nprot.2017.149},
	Volume = {13},
	Year = {2018},
	Bdsk-Url-1 = {https://doi.org/10.1038/nprot.2017.149}}

@article{cite-key,
	Author = {Cao, J. u. n. y. u. e. and Cusanovich, D. a. r. r. e. n. A. and Ramani, V. i. j. a. y. and Aghamirzaie, D. e. l. a. s. a. and Pliner, H. a. n. n. a. h. A. and Hill, A. n. d. r. e. w. J. and Daza, R. i. z. a. M. and McFaline-Figueroa, J. o. s. e. L. and Packer, J. o. n. a. t. h. a. n. S. and Christiansen, L. e. n. a. and Steemers, F. r. a. n. k. J. and Adey, A. n. d. r. e. w. C. and Trapnell, C. o. l. e. and Shendure, J. a. y.},
	Da = {2018//},
	Date-Added = {2019-05-22 08:23:25 +0800},
	Date-Modified = {2019-05-22 08:23:25 +0800},
	Doi = {10.1126/science.aau0730},
	Id = {Cao2018},
	Journal = {Science},
	Title = {Joint profiling of chromatin accessibility and gene expression in thousands of single cells},
	Ty = {JOUR},
	Url = {https://doi.org/10.1126/science.aau0730},
	Volume = {361},
	Year = {2018},
	Bdsk-Url-1 = {https://doi.org/10.1126/science.aau0730}}

@article{cite-key,
	Author = {Pya, N. and Wood, S. N.},
	Da = {2015//},
	Date-Added = {2019-05-22 08:23:25 +0800},
	Date-Modified = {2019-05-22 08:23:25 +0800},
	Doi = {10.1007/s11222-013-9448-7},
	Id = {Pya2015},
	Journal = {Stat. Comput.},
	Title = {Shape constrained additive models},
	Ty = {JOUR},
	Url = {https://doi.org/10.1007/s11222-013-9448-7},
	Volume = {25},
	Year = {2015},
	Bdsk-Url-1 = {https://doi.org/10.1007/s11222-013-9448-7}}

@article{cite-key,
	Date-Added = {2019-05-22 08:23:25 +0800},
	Date-Modified = {2019-05-22 08:23:25 +0800},
	Id = {ref40},
	Title = {Taschuk, M. \& Wilson, G. Ten simple rules for making research software more robust. PLoS Comput. Biol.13, e1005412 (2017).},
	Ty = {STD}}

@article{cite-key,
	Date-Added = {2019-05-22 08:23:25 +0800},
	Date-Modified = {2019-05-22 08:23:25 +0800},
	Id = {ref41},
	Title = {Mangul, S. et al. A comprehensive analysis of the usability and archival stability of omics computational tools and resources. Preprint at bioRxivhttps://doi.org/10.1101/452532 (2018).},
	Ty = {STD}}

@article{cite-key,
	Author = {Wilson, G. },
	Da = {2014//},
	Date-Added = {2019-05-22 08:23:25 +0800},
	Date-Modified = {2019-05-22 08:23:25 +0800},
	Doi = {10.1371/journal.pbio.1001745},
	Id = {Wilson2014},
	Journal = {PLoS Biol.},
	Title = {Best practices for scientific computing},
	Ty = {JOUR},
	Url = {https://doi.org/10.1371/journal.pbio.1001745},
	Volume = {12},
	Year = {2014},
	Bdsk-Url-1 = {https://doi.org/10.1371/journal.pbio.1001745}}

@article{cite-key,
	Author = {Artaza, H. },
	Da = {2016//},
	Date-Added = {2019-05-22 08:23:25 +0800},
	Date-Modified = {2019-05-22 08:23:25 +0800},
	Doi = {10.12688/f1000research.9206.1},
	Id = {Artaza2016},
	Journal = {F1000Res.},
	Title = {Top 10 metrics for life science software good practices},
	Ty = {JOUR},
	Url = {https://doi.org/10.12688/f1000research.9206.1},
	Volume = {5},
	Year = {2016},
	Bdsk-Url-1 = {https://doi.org/10.12688/f1000research.9206.1}}

@article{cite-key,
	Author = {Saelens, W. and Cannoodt, R. and Saeys, Y.},
	Da = {2018//},
	Date-Added = {2019-05-22 08:23:25 +0800},
	Date-Modified = {2019-05-22 08:23:25 +0800},
	Doi = {10.1038/s41467-018-03424-4},
	Id = {Saelens2018},
	Journal = {Nat. Commun.},
	Title = {A comprehensive evaluation of module detection methods for gene expression data},
	Ty = {JOUR},
	Url = {https://doi.org/10.1038/s41467-018-03424-4},
	Volume = {9},
	Year = {2018},
	Bdsk-Url-1 = {https://doi.org/10.1038/s41467-018-03424-4}}

@article{cite-key,
	Author = {Manno, G.  L. },
	Da = {2018//},
	Date-Added = {2019-05-22 08:23:25 +0800},
	Date-Modified = {2019-05-22 08:23:25 +0800},
	Doi = {10.1038/s41586-018-0414-6},
	Id = {Manno2018},
	Journal = {Nature},
	Title = {RNA velocity of single cells},
	Ty = {JOUR},
	Url = {https://doi.org/10.1038/s41586-018-0414-6},
	Volume = {560},
	Year = {2018},
	Bdsk-Url-1 = {https://doi.org/10.1038/s41586-018-0414-6}}

@article{cite-key,
	Author = {Norel, R. and Rice, J. J. and Stolovitzky, G.},
	Da = {2011//},
	Date-Added = {2019-05-22 08:23:25 +0800},
	Date-Modified = {2019-05-22 08:23:25 +0800},
	Doi = {10.1038/msb.2011.70},
	Id = {Norel2011},
	Journal = {Mol. Syst. Biol.},
	Title = {The self-assessment trap: Can we all be better than average?},
	Ty = {JOUR},
	Url = {https://doi.org/10.1038/msb.2011.70},
	Volume = {7},
	Year = {2011},
	Bdsk-Url-1 = {https://doi.org/10.1038/msb.2011.70}}

@article{cite-key,
	Date-Added = {2019-05-22 08:23:25 +0800},
	Date-Modified = {2019-05-22 08:23:25 +0800},
	Id = {ref47},
	Title = {Gitter, A. Single-cell RNA-seq pseudotime estimation algorithms. https://github.com/agitter/single-cell-pseudotime (2018); https://doi.org/10.5281/zenodo.1297423},
	Ty = {STD},
	Url = {https://github.com/agitter/single-cell-pseudotime},
	Bdsk-Url-1 = {https://github.com/agitter/single-cell-pseudotime}}

@article{cite-key,
	Author = {Kouno, T. },
	Da = {2013//},
	Date-Added = {2019-05-22 08:23:25 +0800},
	Date-Modified = {2019-05-22 08:23:25 +0800},
	Doi = {10.1186/gb-2013-14-10-r118},
	Id = {Kouno2013},
	Journal = {Genome. Biol.},
	Title = {Temporal dynamics and transcriptional control using single-cell gene expression analysis},
	Ty = {JOUR},
	Url = {https://doi.org/10.1186/gb-2013-14-10-r118},
	Volume = {14},
	Year = {2013},
	Bdsk-Url-1 = {https://doi.org/10.1186/gb-2013-14-10-r118}}

@article{cite-key,
	Author = {Zeng, C. h. u. n. and Mulas, F. r. a. n. c. e. s. c. a. and Sui, Y. i. n. g. h. u. i. and Guan, T. i. f. f. a. n. y. and Miller, N. a. t. h. a. n. a. e. l. and Tan, Y. u. l. i. a. n. g. and Liu, F. e. n. f. e. n. and Jin, W. e. n. and Carrano, A. n. d. r. e. a. C. and Huising, M. a. r. k. O. and Shirihai, O. r. i. a. n. S. and Yeo, G. e. n. e. W. and Sander, M. a. i. k. e.},
	Da = {2017//},
	Date-Added = {2019-05-22 08:23:25 +0800},
	Date-Modified = {2019-05-22 08:23:25 +0800},
	Doi = {10.1016/j.cmet.2017.04.014},
	Id = {Zeng2017},
	Journal = {Cell Metabolism},
	Title = {Pseudotemporal Ordering of Single Cells Reveals Metabolic Control of Postnatal βCell Proliferation},
	Ty = {JOUR},
	Url = {https://doi.org/10.1016/j.cmet.2017.04.014},
	Volume = {25},
	Year = {2017},
	Bdsk-Url-1 = {https://doi.org/10.1016/j.cmet.2017.04.014}}

@article{cite-key,
	Date-Added = {2019-05-22 08:23:25 +0800},
	Date-Modified = {2019-05-22 08:23:25 +0800},
	Id = {ref50},
	Title = {Papadopoulos, N., Parra, R. G. \& Soeding, J. PROSSTT: probabilistic simulation of single-cell RNA-seq data for complex differentiation processes. Bioinformatics, btz078 (2019).},
	Ty = {STD}}

@article{cite-key,
	Author = {Lun, A. T. and McCarthy, D. J. and Marioni, J. C.},
	Da = {2016//},
	Date-Added = {2019-05-22 08:23:25 +0800},
	Date-Modified = {2019-05-22 08:23:25 +0800},
	Id = {Lun2016},
	Journal = {F1000Res.},
	Title = {A step-by-step workflow for low-level analysis of single-cell RNA-seq data with Bioconductor},
	Ty = {JOUR},
	Volume = {5},
	Year = {2016}}

@article{cite-key,
	Date-Added = {2019-05-22 08:23:25 +0800},
	Date-Modified = {2019-05-22 08:23:25 +0800},
	Id = {ref52},
	Title = {Jurman, G., Visintainer, R., Filosi, M., Riccadonna, S. \& Furlanello, C. in Proc. 2015 IEEE International Conference on Data Science and Advanced Analytics (DSAA) 1--10 (IEEE, 2015); https://doi.org/10.1109/DSAA.2015.7344816},
	Ty = {STD}}

@article{cite-key,
	Date-Added = {2019-05-22 08:23:25 +0800},
	Date-Modified = {2019-05-22 08:23:25 +0800},
	Id = {ref53},
	Title = {Wright, M. N. \& Ziegler, A. Ranger: a fast implementation of random forests for high dimensional data in C++ and R. J. Stat. Softw.77, 1-17 (2017).},
	Ty = {STD}}

@article{cite-key,
	Author = {Beaulieu-Jones, B. K. and Greene, C. S.},
	Da = {2017//},
	Date-Added = {2019-05-22 08:23:25 +0800},
	Date-Modified = {2019-05-22 08:23:25 +0800},
	Doi = {10.1038/nbt.3780},
	Id = {Beaulieu-Jones2017},
	Journal = {Nat. Biotechnol.},
	Title = {Reproducibility of computational workflows is automated using continuous analysis},
	Ty = {JOUR},
	Url = {https://doi.org/10.1038/nbt.3780},
	Volume = {35},
	Year = {2017},
	Bdsk-Url-1 = {https://doi.org/10.1038/nbt.3780}}

@article{cite-key,
	Date-Added = {2019-05-22 08:23:25 +0800},
	Date-Modified = {2019-05-22 08:23:25 +0800},
	Id = {ref55},
	Title = {Cannoodt, R., Saelens, W., Todorov, H. \& Saeys, Y. Single-cell -omics datasets containing a trajectory (Version 2.0.0). Zenodohttps://doi.org/10.5281/zenodo.1443566 (2018).},
	Ty = {STD}}
